<mjloggm ver="2.3"><GO type="169" lobby="0" /><UN n0="%6D%61%74%69%67%75%73%61" n1="%E7%BE%8A%E3%81%A8%E3%82%AB%E3%83%97%E3%83%81%E3%83%BC%E3%83%8E" n2="%E3%81%A9%E3%82%93%E3%81%9F%E3%82%83%E3%82%93" n3="%79%61%6E%72%6F%75" dan="17,18,16,16" rate="2161.46,2206.82,2160.48,2177.24" sx="M,M,F,M" /><TAIKYOKU oya="0" /><INIT seed="0,0,0,5,5,9" ten="250,250,250,250" oya="0" hai0="87,132,89,56,105,99,96,69,50,68,92,62,113" hai1="40,102,35,6,46,54,134,14,101,77,130,125,37" hai2="18,82,44,58,121,60,38,93,104,98,90,20,83" hai3="57,15,59,26,119,36,115,28,135,8,78,114,31" /><T133 /><D50 /><U53 /><E35 /><V24 /><F121 /><W47 /><G119 /><T33 /><D33 /><U64 /><E77 /><V70 /><F70 /><N who="0" m="27242" /><D105 /><U29 /><E64 /><V66 /><F38 /><W71 /><G71 /><T1 /><D1 /><U43 /><E29 /><V67 /><F104 /><W72 /><G31 /><T19 /><D19 /><U88 /><E40 /><V2 /><F2 /><W61 /><G135 /><N who="0" m="51787" /><D113 /><U34 /><E34 /><V100 /><F100 /><W41 /><G72 /><T111 /><D111 /><U106 /><E102 /><V16 /><F67 /><AGARI ba="0,0" hai="56,62,67,87,89,92,96,99" m="51787,27242" machi="67" ten="30,1500,0" yaku="20,1" doraHai="9" who="0" fromWho="2" sc="250,15,250,0,250,-15,250,0" /><INIT seed="0,1,0,1,4,129" ten="265,250,235,250" oya="0" hai0="88,113,55,75,27,93,17,71,98,21,12,50,14" hai1="97,106,74,34,39,123,130,116,60,80,78,11,47" hai2="13,111,82,83,22,120,118,76,70,109,121,69,85" hai3="131,73,44,86,68,79,134,122,94,59,84,28,89" /><T46 /><D113 /><U90 /><E116 /><V33 /><F33 /><W135 /><G68 /><N who="2" m="26217" /><F118 /><W128 /><G44 /><T108 /><D75 /><U99 /><E123 /><V32 /><F32 /><W112 /><G59 /><T18 /><D108 /><N who="2" m="41546" /><F82 /><N who="3" m="45423" /><G28 /><T41 /><D71 /><U125 /><E34 /><V15 /><F15 /><W2 /><G2 /><T43 /><REACH who="0" step="1" /><D27 /><REACH who="0" ten="255,250,235,250" step="2" /><U30 /><E74 /><V124 /><F124 /><W117 /><G112 /><T37 /><D37 /><U87 /><E39 /><V19 /><AGARI ba="1,1" hai="13,19,22,76,83,85,120,121" m="41546,26217" machi="19" ten="40,1500,0" yaku="14,1" doraHai="129" who="2" fromWho="2" sc="255,-8,250,-5,235,28,250,-5" /><INIT seed="1,0,0,5,4,50" ten="247,245,263,245" oya="1" hai0="0,77,76,82,48,72,41,92,20,46,42,117,38" hai1="121,17,13,21,80,118,106,10,123,124,5,109,112" hai2="107,75,7,56,90,116,32,12,29,37,74,60,130" hai3="89,79,14,105,49,51,87,69,53,24,43,99,104" /><U95 /><E106 /><V1 /><F1 /><W129 /><G69 /><T115 /><D115 /><U47 /><E112 /><V134 /><F116 /><W26 /><G129 /><T135 /><D117 /><U31 /><E118 /><V52 /><F37 /><W88 /><G79 /><T110 /><D110 /><U103 /><E124 /><V33 /><F130 /><W61 /><G105 /><T111 /><D135 /><U119 /><E119 /><V15 /><F107 /><W94 /><G61 /><T102 /><D0 /><U126 /><E126 /><V85 /><F134 /><W8 /><G49 /><T128 /><D77 /><U83 /><E31 /><V97 /><F97 /><W70 /><G43 /><T16 /><D111 /><U34 /><E34 /><V2 /><F2 /><W68 /><G68 /><T122 /><D122 /><U3 /><E109 /><V84 /><F84 /><W35 /><G70 /><T27 /><D128 /><U113 /><E113 /><V63 /><F60 /><W131 /><G35 /><T81 /><D81 /><U40 /><E83 /><V78 /><F78 /><W39 /><G39 /><T133 /><D133 /><U64 /><E64 /><V96 /><F96 /><W25 /><G104 /><T18 /><D38 /><U67 /><E67 /><V114 /><F114 /><W71 /><G71 /><T91 /><D102 /><U132 /><E80 /><N who="2" m="49447" /><F32 /><W125 /><G131 /><T30 /><REACH who="0" step="1" /><D41 /><REACH who="0" ten="237,245,263,245" step="2" /><U86 /><E132 /><V44 /><F75 /><W28 /><G125 /><T73 /><D73 /><U66 /><E103 /><V58 /><F74 /><W11 /><G89 /><T100 /><D100 /><U65 /><E121 /><V54 /><F33 /><W4 /><G88 /><T22 /><D22 /><U62 /><E123 /><V55 /><F7 /><W23 /><G4 /><RYUUKYOKU ba="0,1" sc="237,30,245,-10,263,-10,245,-10" hai0="16,18,20,27,30,42,46,48,72,76,82,91,92" /><INIT seed="2,1,1,1,3,61" ten="267,235,253,235" oya="2" hai0="129,24,54,75,36,22,100,92,55,1,34,53,89" hai1="48,88,7,32,35,101,135,90,94,97,10,96,121" hai2="62,9,85,134,31,65,16,63,2,110,118,98,12" hai3="27,107,72,50,87,115,82,116,37,57,74,81,58" /><V19 /><F118 /><W18 /><G116 /><T114 /><D34 /><U131 /><E135 /><V91 /><F134 /><W59 /><G37 /><T84 /><D114 /><U79 /><E131 /><V77 /><F2 /><W26 /><G107 /><T11 /><D129 /><U132 /><E132 /><V15 /><F110 /><W117 /><G117 /><T43 /><D75 /><U122 /><E79 /><V112 /><F112 /><W83 /><G115 /><T14 /><D1 /><N who="1" m="367" /><E48 /><V38 /><F38 /><W99 /><G87 /><T73 /><D73 /><U95 /><E90 /><V21 /><F31 /><W4 /><G72 /><T64 /><D100 /><U45 /><E45 /><V128 /><F128 /><W127 /><G74 /><T133 /><D43 /><U66 /><E66 /><V69 /><F63 /><W52 /><G4 /><T60 /><D36 /><U41 /><E41 /><V109 /><F109 /><W33 /><G33 /><T125 /><D125 /><U0 /><E0 /><V70 /><F77 /><W119 /><G127 /><T47 /><D133 /><U67 /><E67 /><V13 /><F98 /><W6 /><G6 /><N who="0" m="3447" /><D64 /><U86 /><E97 /><V5 /><F5 /><W49 /><G49 /><N who="0" m="28863" /><D60 /><U23 /><E23 /><V93 /><REACH who="2" step="1" /><F12 /><REACH who="2" ten="267,235,243,235" step="2" /><W78 /><G119 /><T46 /><D46 /><U102 /><E122 /><V68 /><AGARI ba="1,2" hai="9,13,15,16,19,21,62,65,68,69,70,85,91,93" machi="68" ten="20,18000,2" yaku="1,1,2,1,0,1,7,1,52,1,54,1,53,0" doraHai="61" doraHaiUra="20" who="2" fromWho="2" sc="267,-61,235,-61,243,203,235,-61" /><INIT seed="2,2,0,4,3,3" ten="206,174,446,174" oya="2" hai0="128,10,77,11,86,80,131,121,134,124,57,21,13" hai1="83,28,100,56,106,30,107,116,5,0,69,135,104" hai2="26,43,23,123,48,96,64,74,114,109,117,66,84" hai3="29,44,95,85,63,7,34,40,42,94,90,18,88" /><V73 /><F114 /><W59 /><G34 /><T75 /><D121 /><U118 /><E69 /><V76 /><F123 /><W115 /><G29 /><T25 /><D134 /><U98 /><E135 /><V61 /><F117 /><W37 /><G115 /><T72 /><D57 /><U1 /><E30 /><V50 /><F109 /><W130 /><G130 /><N who="0" m="49707" /><D124 /><U20 /><E0 /><V31 /><F66 /><W49 /><G18 /><N who="0" m="12471" /><D10 /><U67 /><E28 /><V19 /><F31 /><W113 /><G113 /><T52 /><D52 /><U87 /><E20 /><V119 /><F119 /><W101 /><G101 /><T2 /><D2 /><U45 /><E45 /><V41 /><F74 /><W62 /><G40 /><N who="2" m="15433" /><F73 /><W46 /><G46 /><T79 /><D77 /><U60 /><E118 /><V16 /><F96 /><W102 /><G102 /><T12 /><D12 /><U108 /><E116 /><V51 /><F61 /><W127 /><G127 /><T54 /><D54 /><U38 /><E108 /><V47 /><F64 /><W133 /><G133 /><T8 /><D8 /><U58 /><E58 /><V6 /><F47 /><W92 /><G59 /><T125 /><D125 /><U81 /><E87 /><V110 /><F110 /><W99 /><G49 /><T89 /><D79 /><U33 /><E33 /><V71 /><F71 /><W32 /><G32 /><T82 /><D82 /><N who="1" m="31243" /><E98 /><V97 /><F97 /><W14 /><REACH who="3" step="1" /><G94 /><REACH who="3" ten="206,174,446,164" step="2" /><T68 /><D68 /><U70 /><E70 /><V22 /><F19 /><AGARI ba="2,1" hai="11,13,19,72,75,80,86,89" m="12471,49707" machi="19" ten="30,1000,0" yaku="19,1" doraHai="3" who="0" fromWho="2" sc="206,26,174,0,446,-16,164,0" /><INIT seed="3,0,0,4,2,90" ten="232,174,430,164" oya="3" hai0="24,4,63,53,34,46,82,22,56,13,58,102,40" hai1="42,11,0,66,117,127,49,30,121,73,67,135,111" hai2="83,85,91,122,70,75,120,101,14,6,100,2,39" hai3="9,108,1,124,50,114,131,65,54,28,84,133,12" /><W52 /><G114 /><T10 /><D34 /><U97 /><E121 /><N who="2" m="46699" /><F2 /><W18 /><G124 /><T115 /><D115 /><U94 /><E73 /><V129 /><F39 /><W59 /><G131 /><T25 /><D102 /><U79 /><E79 /><N who="2" m="44543" /><F70 /><W68 /><G133 /><T29 /><D82 /><U7 /><E111 /><V61 /><F61 /><W41 /><G108 /><T71 /><D24 /><U15 /><E127 /><V80 /><F129 /><W81 /><G28 /><T33 /><D33 /><U47 /><E135 /><V123 /><N who="2" m="46707" /><V107 /><DORA hai="119" /><F107 /><W43 /><G1 /><T5 /><D58 /><U125 /><E125 /><V113 /><F113 /><W26 /><G26 /><T106 /><D106 /><U92 /><E117 /><V38 /><F38 /><W45 /><G65 /><T88 /><D71 /><U19 /><E30 /><V105 /><F105 /><W3 /><G3 /><T118 /><D118 /><U128 /><E128 /><V87 /><F87 /><W76 /><REACH who="3" step="1" /><G68 /><REACH who="3" ten="232,174,430,154" step="2" /><T89 /><REACH who="0" step="1" /><D4 /><REACH who="0" ten="222,174,430,154" step="2" /><U104 /><E7 /><V23 /><F6 /><W116 /><G116 /><T60 /><D60 /><AGARI ba="0,2" hai="9,12,18,41,43,45,50,52,54,59,60,76,81,84" machi="60" ten="30,11600,0" yaku="1,1,7,1,8,1,54,1,53,0" doraHai="90,119" doraHaiUra="99,32" who="3" fromWho="0" sc="222,-116,174,0,430,0,154,136" /><INIT seed="3,1,0,4,1,26" ten="106,174,430,290" oya="3" hai0="19,8,62,56,70,52,29,34,100,132,40,64,24" hai1="105,82,65,6,5,93,99,96,97,47,58,51,14" hai2="123,98,116,133,46,118,11,71,63,115,21,117,33" hai3="10,67,54,110,53,74,61,129,104,81,59,68,31" /><W126 /><G129 /><T79 /><D132 /><U42 /><E105 /><V91 /><F133 /><W27 /><G126 /><T28 /><D79 /><U94 /><E82 /><V130 /><F33 /><W30 /><G30 /><T44 /><D100 /><U22 /><E22 /><V17 /><F130 /><W128 /><G128 /><T84 /><D84 /><U122 /><E122 /><V120 /><F11 /><W36 /><G36 /><T80 /><D80 /><U39 /><E39 /><V102 /><F91 /><W60 /><G110 /><T119 /><D119 /><U25 /><E25 /><V106 /><F115 /><W2 /><G104 /><T3 /><D34 /><U41 /><E41 /><V32 /><F32 /><W77 /><G10 /><T107 /><D107 /><U0 /><E0 /><V1 /><F1 /><W78 /><G77 /><T135 /><D135 /><U109 /><E14 /><V55 /><F71 /><W127 /><G2 /><T125 /><D125 /><U75 /><E75 /><V35 /><F35 /><W131 /><G131 /><T121 /><D121 /><N who="2" m="46666" /><F118 /><W85 /><G127 /><T86 /><D86 /><U45 /><E109 /><V12 /><F46 /><W103 /><G103 /><T66 /><D3 /><U23 /><E45 /><V89 /><F89 /><W16 /><G54 /><T114 /><D114 /><U83 /><E23 /><V111 /><F111 /><W48 /><G74 /><T134 /><D134 /><U101 /><E101 /><V4 /><F4 /><W88 /><G78 /><T73 /><D73 /><U92 /><E83 /><V90 /><F90 /><W20 /><REACH who="3" step="1" /><G31 /><REACH who="3" ten="106,174,430,280" step="2" /><N who="0" m="11851" /><D8 /><U57 /><E65 /><V37 /><F37 /><W15 /><G15 /><T76 /><D66 /><U69 /><E69 /><V50 /><F106 /><W49 /><AGARI ba="1,1" hai="16,20,27,48,49,53,59,60,61,67,68,81,85,88" machi="49" ten="30,12000,1" yaku="1,1,5,1,0,1,54,2,53,0" doraHai="26" doraHaiUra="43" who="3" fromWho="3" sc="106,-41,174,-41,430,-41,280,133" /><INIT seed="3,2,0,1,5,30" ten="65,133,389,413" oya="3" hai0="33,129,15,62,93,36,40,125,117,98,70,63,21" hai1="99,13,109,64,23,11,61,97,26,115,102,71,49" hai2="96,103,92,54,111,101,53,135,126,116,48,72,113" hai3="18,77,17,127,128,59,38,75,2,110,4,45,108" /><W43 /><G127 /><T89 /><D117 /><U47 /><E109 /><N who="3" m="42090" /><G59 /><T94 /><D125 /><U42 /><E115 /><V27 /><F111 /><W3 /><G128 /><T104 /><D104 /><U55 /><E23 /><V84 /><F72 /><W39 /><G39 /><T10 /><D129 /><U34 /><E26 /><V122 /><F126 /><W73 /><G2 /><T130 /><D130 /><U100 /><E99 /><V46 /><F113 /><W95 /><G95 /><T31 /><D21 /><U69 /><E69 /><V35 /><F116 /><W106 /><G106 /><T5 /><D70 /><U44 /><E97 /><V25 /><F135 /><W0 /><G0 /><T7 /><D94 /><U57 /><E34 /><V56 /><F122 /><W19 /><G77 /><T20 /><D93 /><U112 /><E112 /><V83 /><F103 /><W133 /><G133 /><T74 /><D36 /><U78 /><E78 /><N who="2" m="46199" /><F35 /><W50 /><G38 /><T22 /><D33 /><U14 /><E14 /><V28 /><F28 /><W8 /><AGARI ba="2,0" hai="3,4,8,17,18,19,43,45,50,73,75" m="42090" machi="8" ten="40,3900,0" yaku="14,1,10,1" doraHai="30" who="3" fromWho="3" sc="65,-15,133,-15,389,-15,413,45" /><INIT seed="3,3,0,2,3,46" ten="50,118,374,458" oya="3" hai0="135,95,82,9,92,117,129,48,60,126,131,110,88" hai1="69,104,87,114,133,24,100,51,18,75,5,58,49" hai2="98,80,63,120,134,67,111,112,1,0,76,10,97" hai3="14,91,34,128,62,72,6,81,71,27,78,108,74" /><W86 /><G128 /><N who="0" m="49227" /><D117 /><U32 /><E75 /><V89 /><F112 /><W109 /><G6 /><T65 /><D110 /><N who="3" m="42601" /><G14 /><T39 /><D39 /><U94 /><E69 /><V99 /><F111 /><W35 /><G27 /><T17 /><D135 /><U21 /><E32 /><N who="3" m="12330" /><G91 /><T28 /><D28 /><U11 /><E114 /><V30 /><F134 /><W3 /><G3 /><T38 /><D88 /><N who="1" m="53535" /><E104 /><V73 /><F120 /><W68 /><G68 /><T36 /><D9 /><U55 /><E133 /><V22 /><F10 /><W116 /><G116 /><T44 /><D17 /><U52 /><E11 /><V13 /><F89 /><W96 /><G96 /><T12 /><D12 /><U127 /><E127 /><V56 /><REACH who="2" step="1" /><F13 /><REACH who="2" ten="50,118,364,458" step="2" /><W105 /><G105 /><T106 /><D106 /><U125 /><E125 /><V64 /><F64 /><AGARI ba="3,1" hai="62,64,71,72,74,78,81,86" m="12330,42601" machi="64" ten="30,2900,0" yaku="14,1,10,1" doraHai="46" who="3" fromWho="2" sc="50,0,118,0,364,-38,458,48" /><INIT seed="3,4,0,1,5,77" ten="50,118,326,506" oya="3" hai0="76,52,85,100,36,105,86,27,108,44,87,112,116" hai1="49,0,71,41,48,117,53,33,132,95,126,34,89" hai2="61,56,3,15,73,72,79,5,2,45,107,83,92" hai3="93,66,119,4,65,129,81,75,54,130,70,118,20" /><W11 /><G54 /><T37 /><D116 /><U97 /><E0 /><V109 /><F107 /><W62 /><G65 /><T59 /><D108 /><U114 /><E114 /><V67 /><F109 /><W39 /><G93 /><T106 /><D112 /><U69 /><E117 /><N who="3" m="44554" /><G39 /><T110 /><D110 /><U101 /><E132 /><V68 /><F73 /><W38 /><G38 /><T99 /><D106 /><U133 /><E126 /><V124 /><F124 /><W125 /><G20 /><T46 /><D36 /><U17 /><E133 /><V13 /><F45 /><W55 /><G55 /><T98 /><D98 /><U40 /><E71 /><V18 /><F68 /><W102 /><G102 /><T60 /><D27 /><U134 /><E69 /><V123 /><F123 /><W35 /><G35 /><T50 /><D37 /><U22 /><E34 /><V47 /><F47 /><W78 /><G125 /><T82 /><REACH who="0" step="1" /><D44 /><REACH who="0" ten="40,118,326,506" step="2" /><U16 /><E134 /><V10 /><REACH who="2" step="1" /><F92 /><REACH who="2" ten="40,118,316,506" step="2" /><W7 /><G130 /><T29 /><D29 /><U94 /><E95 /><V1 /><F1 /><W113 /><G113 /><T135 /><D135 /><U122 /><E94 /><V57 /><F57 /><W115 /><G115 /><T42 /><AGARI ba="4,2" hai="42,46,50,52,59,60,76,82,85,86,87,99,100,105" machi="42" ten="20,8000,1" yaku="1,1,0,1,7,1,52,1,54,1,53,0" doraHai="77" doraHaiUra="111" who="0" fromWho="0" sc="40,112,118,-24,316,-24,506,-44" /><INIT seed="4,0,0,0,3,64" ten="152,94,292,462" oya="0" hai0="118,27,75,52,91,4,60,133,29,73,1,85,125" hai1="81,77,129,35,101,16,57,67,32,96,25,58,18" hai2="59,31,130,88,44,116,93,134,50,53,105,123,121" hai3="55,119,48,102,70,72,10,63,109,124,28,128,17" /><T83 /><D118 /><U24 /><E129 /><V30 /><F105 /><W71 /><G109 /><T113 /><D113 /><U97 /><E67 /><V86 /><F130 /><W127 /><G72 /><T108 /><D108 /><U7 /><E7 /><V82 /><F116 /><W0 /><G119 /><T21 /><D133 /><U92 /><E81 /><V12 /><F134 /><W19 /><G63 /><T41 /><D41 /><U5 /><E5 /><V34 /><F34 /><W15 /><G28 /><T20 /><D20 /><U45 /><E92 /><V14 /><F121 /><W62 /><G62 /><T65 /><D125 /><N who="3" m="48201" /><G0 /><T111 /><D111 /><U22 /><E22 /><V26 /><F123 /><W33 /><G33 /><T99 /><D99 /><U38 /><E101 /><V36 /><F26 /><W49 /><G49 /><T61 /><D61 /><U39 /><REACH who="1" step="1" /><E45 /><REACH who="1" ten="152,84,292,462" step="2" /><V13 /><F82 /><W84 /><G102 /><T110 /><D110 /><U94 /><E94 /><V106 /><F106 /><W66 /><G66 /><T46 /><D4 /><U51 /><E51 /><N who="2" m="31167" /><F36 /><W131 /><G131 /><T68 /><REACH who="0" step="1" /><D1 /><REACH who="0" ten="142,84,292,462" step="2" /><U42 /><E42 /><AGARI ba="0,2" hai="12,13,14,30,31,42,44,50,86,88,93" m="31167" machi="42" ten="30,2000,0" yaku="8,1,54,1" doraHai="64" who="2" fromWho="1" sc="142,0,84,-20,292,40,462,0" /><INIT seed="5,0,0,0,5,82" ten="142,64,332,462" oya="1" hai0="81,32,89,76,53,12,101,88,114,113,56,106,84" hai1="133,127,71,1,108,26,92,33,119,129,121,51,67" hai2="45,122,118,97,125,7,23,3,0,28,47,18,110" hai3="80,94,130,90,49,17,116,112,120,48,8,34,24" /><U69 /><RYUUKYOKU type="yao9" ba="0,0" sc="142,0,64,0,332,0,462,0" hai1="1,26,33,51,67,69,71,92,108,119,121,127,129,133" /><INIT seed="5,1,0,4,0,118" ten="142,64,332,462" oya="1" hai0="115,63,43,52,101,126,110,67,104,128,50,130,30" hai1="61,42,112,29,44,55,20,1,75,99,108,8,78" hai2="47,96,89,94,124,33,69,32,91,64,109,0,131" hai3="100,80,38,56,58,117,57,92,111,105,21,25,132" /><U86 /><E112 /><V35 /><F109 /><W135 /><G111 /><T22 /><D110 /><U85 /><E108 /><V14 /><F0 /><W16 /><G38 /><T125 /><D101 /><U65 /><E55 /><V11 /><F131 /><N who="0" m="50218" /><D104 /><U66 /><E75 /><V98 /><F124 /><N who="0" m="47722" /><D22 /><U90 /><E1 /><V133 /><F47 /><W45 /><G105 /><T81 /><D81 /><N who="1" m="47287" /><E99 /><V37 /><F37 /><W71 /><G71 /><N who="0" m="42495" /><D30 /><U13 /><E61 /><V103 /><F98 /><W82 /><G92 /><T84 /><D84 /><U40 /><E20 /><V106 /><F94 /><W53 /><G100 /><T17 /><D17 /><N who="1" m="8359" /><E29 /><V83 /><F96 /><W51 /><G117 /><T10 /><D10 /><U87 /><E87 /><V24 /><F11 /><W7 /><G7 /><T5 /><D5 /><U59 /><E59 /><V93 /><F106 /><W48 /><G57 /><N who="0" m="32919" /><D43 /><N who="1" m="16427" /><E44 /><V46 /><F46 /><W74 /><G74 /><T95 /><D95 /><AGARI ba="1,0" hai="65,66,86,90,95" m="16427,8359,47287" machi="95" ten="30,1500,0" yaku="8,1" doraHai="118" who="1" fromWho="0" sc="142,-18,64,18,332,0,462,0" /><INIT seed="5,2,0,0,0,26" ten="124,82,332,462" oya="1" hai0="106,88,84,87,122,38,5,81,32,100,24,124,60" hai1="17,94,12,47,107,120,114,108,105,59,133,86,68" hai2="49,14,102,78,119,135,71,92,4,63,35,77,30" hai3="96,18,50,111,117,40,74,39,55,56,64,45,42" /><U90 /><E120 /><V25 /><F119 /><W104 /><G111 /><T97 /><D38 /><U115 /><E68 /><V109 /><F109 /><W9 /><G74 /><T8 /><D122 /><U48 /><E133 /><V7 /><F135 /><W44 /><G117 /><T73 /><D73 /><U6 /><E6 /><V101 /><F49 /><W75 /><G75 /><T103 /><D124 /><U123 /><E123 /><V20 /><F4 /><W15 /><G64 /><T22 /><D32 /><U51 /><E108 /><V23 /><F35 /><W66 /><G66 /><T121 /><D121 /><U53 /><E115 /><V132 /><F132 /><W134 /><G134 /><T31 /><D84 /><U27 /><E27 /><N who="2" m="16743" /><F63 /><W128 /><G128 /><T33 /><D100 /><N who="2" m="38506" /><F92 /><W131 /><G131 /><T37 /><D60 /><U93 /><E93 /><V21 /><F71 /><W2 /><G96 /><T85 /><D85 /><U67 /><E114 /><V19 /><F7 /><W16 /><G18 /><AGARI ba="2,0" hai="14,18,19,21,23,25,77,78" m="38506,16743" machi="18" ten="30,2000,0" yaku="8,1,52,1" doraHai="26" who="2" fromWho="3" sc="124,0,82,0,332,26,462,-26" /><INIT seed="6,0,0,3,4,82" ten="124,82,358,436" oya="2" hai0="24,105,32,104,30,128,76,85,9,6,60,91,20" hai1="10,110,114,63,78,17,90,0,70,15,61,21,113" hai2="50,72,33,134,122,89,3,66,107,108,7,57,130" hai3="83,112,79,119,41,80,117,115,12,98,96,100,1" /><V27 /><F122 /><W67 /><G1 /><T38 /><D38 /><U23 /><E78 /><V47 /><F72 /><N who="3" m="43111" /><G67 /><T37 /><D128 /><U101 /><E101 /><V99 /><F130 /><W43 /><G12 /><T39 /><D39 /><U4 /><E110 /><V34 /><F134 /><W45 /><G98 /><T106 /><D37 /><U65 /><E63 /><V68 /><F68 /><W121 /><G45 /><T86 /><D60 /><U46 /><E46 /><V55 /><F108 /><W116 /><G121 /><T36 /><D36 /><U5 /><E5 /><V87 /><F27 /><W16 /><G16 /><T120 /><D120 /><U109 /><E109 /><V44 /><F66 /><W127 /><G127 /><T74 /><D20 /><U62 /><E62 /><V2 /><F44 /><W84 /><G43 /><T51 /><D51 /><U49 /><E49 /><V129 /><F129 /><W56 /><G56 /><T58 /><D58 /><U28 /><E23 /><V97 /><F57 /><W8 /><G8 /><T64 /><D64 /><U118 /><E118 /><V40 /><F40 /><W103 /><G41 /><T71 /><D71 /><U125 /><E125 /><V19 /><F19 /><W131 /><G131 /><T22 /><D22 /><U53 /><E53 /><V95 /><F7 /><W124 /><G124 /><T13 /><D91 /><U52 /><E52 /><V54 /><F55 /><W123 /><G123 /><T135 /><D135 /><U81 /><REACH who="1" step="1" /><E28 /><REACH who="1" ten="124,72,358,436" step="2" /><V26 /><F54 /><W75 /><G103 /><T29 /><D29 /><U14 /><E14 /><V88 /><F50 /><W31 /><G31 /><T73 /><D76 /><U102 /><E102 /><V94 /><F47 /><W133 /><G133 /><T77 /><D77 /><RYUUKYOKU ba="0,1" sc="124,15,72,15,358,-15,436,-15" hai0="6,9,13,24,30,32,73,74,85,86,104,105,106" hai1="0,4,10,15,17,21,61,65,70,81,90,113,114" /><INIT seed="7,1,1,2,3,18" ten="139,87,343,421" oya="3" hai0="115,65,122,116,11,32,102,92,48,1,60,5,123" hai1="106,37,129,110,121,70,53,90,96,64,27,19,62" hai2="68,80,87,24,8,78,13,74,40,56,15,46,3" hai3="55,105,94,77,33,111,135,66,51,42,28,88,7" /><W86 /><G105 /><T130 /><D116 /><U118 /><E110 /><V10 /><F68 /><W59 /><G135 /><T16 /><D32 /><U75 /><E129 /><V113 /><F113 /><W36 /><G111 /><T34 /><D34 /><U25 /><E121 /><V41 /><F56 /><W134 /><G134 /><T30 /><D30 /><U104 /><E118 /><V109 /><F109 /><W23 /><G33 /><T20 /><D48 /><U97 /><E75 /><V112 /><F112 /><W76 /><G7 /><T39 /><D39 /><U124 /><E124 /><V61 /><F61 /><N who="3" m="38207" /><G42 /><T119 /><D119 /><U84 /><E37 /><V67 /><F67 /><W114 /><G36 /><T57 /><D115 /><U95 /><E53 /><V125 /><F125 /><W83 /><G83 /><T89 /><D102 /><U128 /><E128 /><V35 /><F3 /><W17 /><G28 /><T131 /><D130 /><U108 /><E108 /><V31 /><F46 /><N who="3" m="28151" /><G114 /><T85 /><D131 /><U9 /><E106 /><V82 /><F13 /><AGARI ba="1,1" hai="13,17,23,76,77,86,88,94" m="28151,38207" machi="13" ten="30,5800,0" yaku="8,1,52,1,54,1" doraHai="18" who="3" fromWho="2" sc="139,0,87,0,343,-61,421,71" /><AGARI ba="1,0" hai="1,5,11,13,16,20,57,60,65,85,89,92,122,123" machi="13" ten="30,3900,0" yaku="7,1,52,1,54,1" doraHai="18" who="0" fromWho="2" sc="139,39,87,0,282,-39,492,0" owari="178,-22.2,87,-41.3,243,4.3,492,59.2" /></mjloggm>
