<mjloggm ver="2.3">
  <SHUFFLE
      seed="mt19937ar-sha512-n288-base64,VQEB3rPaFlty4t8ENxc1Xb8Qp91WDS0Yimd3pv2lGj1s4i1mPYaUQTbtlYENuuDHSytyetWUmObcUmIysrklcU9H5Uin+7YEFryXPpgqWmD2Pqv8RgkkeIbWKZMQgHk9ErgiMTt1HG8RyHATGAu3MzUoXtL8aZCKnXi6A/HHBU2/MKzFGH76N44+jf9aIPp8uaKI/CU54uauYtioRrtE98ieDvYbOtsaboCx9Bf+xPZJwpbErbr+GO/XPCKhou1UsSn3IdG0UUvS6pmNshXExgwlBl5K8nrQT024ygc5YO0h89aa8LwDc7v1aZ3N6b1zDx9SSf6LKd+Ur9o0kryVhSWUD/5u9T8d4KvoTfaVVtWabkPpIo6NX86dILUWYiiWbDeKSPE6VLe/9t++INqbgL/BHtzkSSJi9bbn4oEI/iIyGwRn/5IaWPvNGvMp+X8ihD3boaYyzLddLYpxGzYLQ/TsmvI4Sc72c95y7femgbHzedibSB02q+ec5A2AyKk++naYSR285IAfqak+qulwAqrnciWqID3uTJa2Awh+9uWI04L1nprTLJHWZcFXLpPwVnX+Zof1c037Lt0ZF9wwpZZqC2O59ALUfD1hYNsph5aqIV/Y/XgslKKuXm6RGHnuLWOTkqnoFIeMAV/CtKIyPL6yiKN6LCTvgN5ONQbBo9dKDGmO4WSrm97HQVCGLTFGyUx29ILOiLiH4BS/eZ2ryineud605Of6CZ4wjgIOHDv9VqHRAC91O266dznq0/LhhEVXLnjU8unEme3TBtg993bzUG67AiqDUwvPtWC6/wS94F481ESssiT/IyOOoDyIvHdHOq8RETl7unvYFSTg8d1ODaUuj7nD3Ro471C/9vmRDSy81JCUx5vLLeoAYJSnuut0ae3HdJN8Z4xLlbGU8l4RFZkTeJZxF6YklfQc4X91QlO6S8ndDS62EZqOpxVJTY/iMwzd9vH5hvs7kUMCoJhCWQZVQ7GFz5ofGYeepME8ejPpHfVVA3xQa3U/sf4g/w9OAKXbVSsU6WQLWJsHmy9G//MsLJZ9v8hJ3l/VZD56zQDI3wqmJXZ5m/KoGDasGwSKN8c9YwYQsfd3jn5+QUTiISD5Rhu+HqHMd1CszxMrgxTMBuu9hkY68AEeSIdX7ffVgtMKIj99PzJvce8IqLFy1HIlizNeuol8forNkLny+WUyQUmpHTh7vVUdWrRpU84QUBR7B2jQKYZRCwGi3n8zvc8G3SftErW1h0ZhAIuoPNCiyzhxmcXs7EXzdnKHkdtsA01fpkyIPtvnD2wGPq6m59bS/DdS5PYo6r7g5pJsh5VytuSbh6Wx84RFIaSEP04r6LrA0gYMZR+4qQqUonhRCwYZCapeUdqZHxMXlWfKfmZQNG+a14frjp7DIuKV7hI33GoNOn/nta9BZbc7Zlm2TduAl7M618sOVEek92BCBz14ndCOeELD8E6LW/xpzBBOMPu9L+rPlBOrR3gHO5J0ZkIP4Dr9tH3g9QA3bikDPKGGbzIyekN75qIJ5hRlmDeQ/0tWF9AKWJtjdpHub48fA4lrtH23Ado837daAbmbcF4mOTz2yyxQsI1nHCtalrEkTNmSogdihOnRqxvRtrBQiKZBhEWvTaFjOVvF01q1KnFw87llcB6yjgK6s7oeINq1qdfDongclqnGnYUPuAd5hSL7FhIhDqlT502evqZpJqOJue4dZWgYeLjkiMYxDDBxMBL23fF+ArdsASlh2EwN5KW0Q0AFZyqD4bCdIGAMa3JseBio5oY0SpPdUFWSh/pmcI4vgWPx/WzKvQF7V4KU4jGy1bX5/CrTfvPVfBVO5Tisc6TXdloduAstXTmtF1tz3MOL/a1QMQ481qjiIesfyHQxMyqw3kkoeRWp1wu6Gsukt7wPM4MCq881BQ1CUTt9IJXN00l0b5aFncwCyBq3SGit6CKi8en+aYdm/IqsQvrKUcMlEOQDHNdJADaOeG9hRAdccdT3y2CYKnn8VyGQVvkojAik8z46av5hW/BFpEbTqBJ1eROAckeJqFE3h2a2bYaaTpHlf54LQ9pMcSpgriqSNshUif9/4wCFiIg1xzTEQ+dc233lSr0k0AeRst5iBBcFv0PrNIR9nXPgD/znG9LmvNpAFk3a2d7kkRNxN/oE92bqgx1wbWj+IDwxg4XWXvRTkg0+AGZ6sMptbLU/+xU73fbEIyODJF2f1gxqp4Y7VCpDkbZx5tC73ESkwKEcIWfSmBf2ZHKa6CB/hYVVuYlJMUGgvL6nI/idF7UAElSIxUVPx/9l6Bva3wRY3++G+qbuL1rxrwtdGrKJ4bpY28Pfxj+6/FUA1t4X+YAX2OLvW8DzS79vqdm/zHNTYjSg6FAw8YCHz8oM7XI32kwenU6Dhw/P/zYsP3oi7iV8o6B4IB1WwzETSWJ7D2OmPyDDh4aEODXzEHcIK6APOfa15yU5+mP3cdE0kGu+/ILNVtgDNzTgzGhq4J6GBlB4j+axHTBcK2AfIhrPxcJkQVV3oY/C015uRAPda+qtEodAySQBM4fHVXCb0p1Ub1tX5oYCGlSCbjTsbk2V5ycJrAmHj16sntOzF8UQhKqCFGJWdk6t47ceTIGIMmEIojFT95S0wfLaJ+8b/BfEdQN6mp4s5Q5+9//Obl/RLMe3ZVHVQjimZ/AAGt4nmc0q8AphW3jUBfOe51uwzuYSjK9dAB6GkdIxSEpG8e4vdAkgC79gi5kHxx31z5QhQh6/92zC7uQ5MeTPq/4xzykEOOJh41ts6VCvqypVu1hzFlNz+96iSgqirPqBB+ZqwQaHfGVGlG44kOLpbVExMOsQlyM0OA1DgAyrOfulbAch4wyJSw+d4j1Xd8XrkK7NPMmPKp54Rypv3IzLCKxvF0LWJ6EqANddfJF1GGiL8Pi8vn+Nx6iXA2SIRPq0Bis8qiSnng5U43RhvA7p1siVeMJ90T+L1aMq4Nhl/hmxFST8GmqniezOIH07+uVETXhKCq7w9053RKSTOJEz+RKXXHj2FJiqXVGInS4d27GCN8jiRsd40S8yc/Nb+x6S2m3/h1pPuYV9H/thY75T2wVtjd/8NLKjkVXo/X9eopQ2fMCCyxC2nEQNrUL1sJU9Q+552E52/Wz3HK5BEMPvx8pTVCrrVGsU85CBykqjm595dehBgqf2Wc78EIPh9g0FjmF/Ay9t5EI/tL6xasbe3hMO+F2o2xldWPorhuBU4pTYDPg4Ia93/K21KtAjghqg6qrI4ke/id2G4SnC1HavjDWY1TU9humRlwBauoa40o/8p8Ek4qJHkQpTWfENV3UFFCLanFhwEKE4"
      ref="" />
  <GO type="169" lobby="0" />
  <UN n0="%53%4E%4F%42%42%49%53%4D" n1="%67%61%72%75%63%69%61"
      n2="%E6%AD%8C%E3%81%AE%E3%82%88%E3%81%86%E3%81%AB%E8%8B%A6%E3%81%84"
      n3="%E4%BA%BA%E7%94%9F%E5%A6%82%E9%80%86%E6%97%85%32" dan="16,16,16,17"
      rate="2201.42,2123.03,2088.36,2145.82" sx="M,M,M,M" />
  <TAIKYOKU oya="0" />
  <INIT seed="0,0,0,3,5,115" ten="250,250,250,250" oya="0"
      hai0="19,88,50,87,105,133,44,51,42,32,134,54,67"
      hai1="62,69,49,65,66,14,0,132,104,123,57,99,125"
      hai2="7,16,12,40,108,47,121,86,78,60,15,21,56"
      hai3="126,13,127,23,33,61,100,37,64,103,11,122,27" />
  <T45 />
  <D105 />
  <U9 />
  <E123 />
  <V10 />
  <F121 />
  <W73 />
  <G73 />
  <T41 />
  <D32 />
  <U63 />
  <E0 />
  <V93 />
  <F108 />
  <W120 />
  <G37 />
  <T5 />
  <D67 />
  <U80 />
  <E125 />
  <N who="3" m="47626" />
  <G33 />
  <T116 />
  <D116 />
  <U77 />
  <E132 />
  <V1 />
  <F1 />
  <W26 />
  <G122 />
  <T83 />
  <D5 />
  <U72 />
  <E104 />
  <V118 />
  <F118 />
  <W114 />
  <G114 />
  <T17 />
  <REACH who="0" step="1" />
  <D54 />
  <REACH who="0" ten="240,250,250,250" step="2" />
  <U130 />
  <E130 />
  <V3 />
  <F3 />
  <W39 />
  <G120 />
  <T38 />
  <D38 />
  <U59 />
  <E99 />
  <V20 />
  <F7 />
  <W6 />
  <G39 />
  <T46 />
  <D46 />
  <U4 />
  <REACH who="1" step="1" />
  <E49 />
  <REACH who="1" ten="240,240,250,250" step="2" />
  <V109 />
  <F109 />
  <W84 />
  <G61 />
  <T102 />
  <D102 />
  <U129 />
  <E129 />
  <V81 />
  <F60 />
  <W28 />
  <G103 />
  <T29 />
  <D29 />
  <U71 />
  <AGARI ba="0,2" hai="4,9,14,57,59,62,63,65,66,69,71,72,77,80" machi="71" ten="20,5200,0"
      yaku="1,1,0,1,7,1,9,1,53,0" doraHai="115" doraHaiUra="30" who="1" fromWho="1"
      sc="240,-26,240,72,250,-13,250,-13" />
  <INIT seed="1,0,0,3,0,72" ten="214,312,237,237" oya="1"
      hai0="75,48,45,98,95,70,10,54,123,2,4,8,5"
      hai1="106,87,91,121,125,84,71,109,76,116,26,41,108"
      hai2="20,51,122,80,96,130,104,34,16,9,60,68,53"
      hai3="52,11,39,133,6,110,132,62,58,111,90,89,73" />
  <U32 />
  <E121 />
  <V100 />
  <F122 />
  <W43 />
  <G43 />
  <T21 />
  <D123 />
  <U3 />
  <E3 />
  <V120 />
  <F120 />
  <W23 />
  <G39 />
  <T128 />
  <D128 />
  <U59 />
  <E71 />
  <V61 />
  <F34 />
  <W103 />
  <G103 />
  <T124 />
  <D124 />
  <U55 />
  <E116 />
  <V88 />
  <F9 />
  <W131 />
  <G23 />
  <T101 />
  <D75 />
  <U33 />
  <E106 />
  <V13 />
  <F68 />
  <W64 />
  <G64 />
  <T30 />
  <D70 />
  <U0 />
  <E0 />
  <V119 />
  <F119 />
  <W82 />
  <G131 />
  <T42 />
  <D42 />
  <U25 />
  <E41 />
  <V86 />
  <REACH who="2" step="1" />
  <F130 />
  <REACH who="2" ten="214,312,227,237" step="2" />
  <W99 />
  <G133 />
  <T14 />
  <D21 />
  <U102 />
  <E125 />
  <V114 />
  <F114 />
  <W115 />
  <G132 />
  <T38 />
  <D38 />
  <U29 />
  <E102 />
  <V83 />
  <F83 />
  <W105 />
  <G115 />
  <T35 />
  <D35 />
  <U63 />
  <E33 />
  <V117 />
  <F117 />
  <W31 />
  <G111 />
  <N who="1" m="42570" />
  <E32 />
  <V7 />
  <F7 />
  <W57 />
  <G110 />
  <T46 />
  <REACH who="0" step="1" />
  <D30 />
  <REACH who="0" ten="204,312,227,237" step="2" />
  <U37 />
  <E37 />
  <V19 />
  <F19 />
  <W77 />
  <G31 />
  <T79 />
  <D79 />
  <U28 />
  <E28 />
  <V40 />
  <F40 />
  <W49 />
  <G11 />
  <T92 />
  <D92 />
  <N who="1" m="54375" />
  <E29 />
  <V36 />
  <F36 />
  <W18 />
  <G105 />
  <T134 />
  <D134 />
  <U1 />
  <E1 />
  <V69 />
  <F69 />
  <W44 />
  <G77 />
  <T93 />
  <D93 />
  <U22 />
  <E22 />
  <V135 />
  <F135 />
  <W67 />
  <G82 />
  <AGARI ba="0,2" hai="25,26,55,59,63,76,82,87" m="54375,42570" machi="82" ten="30,5800,0"
      yaku="14,1,10,1,52,1" doraHai="72" who="1" fromWho="3" sc="204,0,312,78,227,0,237,-58" />
  <INIT seed="1,1,0,1,5,7" ten="204,390,227,179" oya="1"
      hai0="32,103,47,53,110,120,91,111,81,6,97,37,12"
      hai1="80,67,36,98,58,118,129,19,131,125,124,49,113"
      hai2="68,135,11,122,99,10,54,105,126,83,14,66,27"
      hai3="121,128,116,4,107,73,17,77,96,39,35,92,1" />
  <U104 />
  <E36 />
  <V64 />
  <F122 />
  <W63 />
  <G17 />
  <T133 />
  <D120 />
  <U87 />
  <E118 />
  <V22 />
  <F68 />
  <W79 />
  <G63 />
  <T40 />
  <D32 />
  <U8 />
  <E113 />
  <V82 />
  <F126 />
  <N who="1" m="48745" />
  <E98 />
  <V3 />
  <F135 />
  <W114 />
  <G4 />
  <T123 />
  <D123 />
  <U44 />
  <E104 />
  <V51 />
  <F3 />
  <W102 />
  <G92 />
  <T41 />
  <D133 />
  <U5 />
  <E19 />
  <N who="2" m="12767" />
  <F105 />
  <W50 />
  <G50 />
  <T0 />
  <D41 />
  <N who="1" m="24719" />
  <E58 />
  <N who="2" m="33119" />
  <F99 />
  <W90 />
  <G90 />
  <T84 />
  <D0 />
  <N who="1" m="39" />
  <E67 />
  <N who="2" m="25643" />
  <F14 />
  <W52 />
  <G121 />
  <T48 />
  <D97 />
  <U28 />
  <E28 />
  <V43 />
  <F43 />
  <W33 />
  <G116 />
  <T119 />
  <D119 />
  <U59 />
  <E59 />
  <V115 />
  <F115 />
  <W117 />
  <G117 />
  <T72 />
  <D103 />
  <U18 />
  <E18 />
  <V57 />
  <F57 />
  <W29 />
  <G39 />
  <T100 />
  <D100 />
  <U134 />
  <E134 />
  <V20 />
  <F20 />
  <W109 />
  <G102 />
  <T34 />
  <D34 />
  <U127 />
  <N who="1" m="48753" />
  <U130 />
  <DORA hai="23" />
  <E130 />
  <V16 />
  <F16 />
  <W25 />
  <G128 />
  <T13 />
  <D13 />
  <U61 />
  <E61 />
  <V88 />
  <F83 />
  <W69 />
  <G114 />
  <T56 />
  <D12 />
  <U65 />
  <E65 />
  <V85 />
  <AGARI ba="1,0" hai="10,11,82,85,88" m="25643,33119,12767" machi="85" ten="30,8000,1"
      yaku="8,1,52,3,54,1" doraHai="7,23" who="2" fromWho="2" sc="204,-21,390,-41,227,83,179,-21" />
  <INIT seed="2,0,0,5,0,17" ten="183,349,310,158" oya="2"
      hai0="108,95,110,35,109,102,125,97,128,66,55,40,5"
      hai1="44,120,60,130,48,118,24,77,122,135,67,70,15"
      hai2="75,119,64,80,101,34,6,8,62,68,88,31,47"
      hai3="89,30,23,116,100,92,131,111,58,107,53,19,91" />
  <V41 />
  <F119 />
  <W134 />
  <G116 />
  <T57 />
  <D35 />
  <U21 />
  <E118 />
  <V123 />
  <F123 />
  <N who="1" m="47145" />
  <E77 />
  <V63 />
  <F101 />
  <W72 />
  <G72 />
  <T10 />
  <D128 />
  <U11 />
  <E130 />
  <V2 />
  <F63 />
  <W18 />
  <G131 />
  <T65 />
  <D40 />
  <U4 />
  <E135 />
  <V56 />
  <F56 />
  <W28 />
  <G134 />
  <T106 />
  <D106 />
  <U78 />
  <E78 />
  <N who="2" m="44127" />
  <F88 />
  <N who="3" m="33867" />
  <G107 />
  <T9 />
  <D125 />
  <U36 />
  <E36 />
  <N who="2" m="21927" />
  <F31 />
  <N who="3" m="11819" />
  <G111 />
  <T43 />
  <D43 />
  <U37 />
  <E37 />
  <V133 />
  <F133 />
  <W103 />
  <G92 />
  <T61 />
  <REACH who="0" step="1" />
  <D10 />
  <REACH who="0" ten="173,349,310,158" step="2" />
  <U121 />
  <E121 />
  <V14 />
  <F34 />
  <W112 />
  <G112 />
  <T105 />
  <D105 />
  <U42 />
  <E11 />
  <V126 />
  <F126 />
  <W7 />
  <G7 />
  <T94 />
  <D94 />
  <U104 />
  <E4 />
  <V71 />
  <F6 />
  <W26 />
  <G18 />
  <T27 />
  <D27 />
  <U38 />
  <E104 />
  <V96 />
  <F8 />
  <W25 />
  <G26 />
  <T84 />
  <D84 />
  <U117 />
  <E117 />
  <V73 />
  <F73 />
  <W69 />
  <G69 />
  <T16 />
  <D16 />
  <N who="1" m="10399" />
  <E38 />
  <V85 />
  <F85 />
  <W29 />
  <N who="3" m="11827" />
  <W83 />
  <DORA hai="0" />
  <G83 />
  <T12 />
  <AGARI ba="0,1" hai="5,9,12,55,57,61,65,66,95,97,102,108,109,110" machi="12" ten="30,7900,0"
      yaku="1,1,0,1,14,1,52,1,53,0" doraHai="17,0" doraHaiUra="74,39" who="0" fromWho="0"
      sc="173,89,349,-20,310,-39,158,-20" />
  <INIT seed="3,0,0,3,4,135" ten="262,329,271,138" oya="3"
      hai0="29,109,60,24,58,87,108,131,13,43,17,91,132" hai1="5,80,3,125,34,8,1,50,84,70,61,51,72"
      hai2="90,54,97,118,117,122,30,78,104,21,36,39,75"
      hai3="26,28,100,64,94,107,19,93,92,49,59,48,11" />
  <W79 />
  <G107 />
  <T115 />
  <D132 />
  <U96 />
  <E72 />
  <V112 />
  <F112 />
  <W0 />
  <G100 />
  <T116 />
  <D115 />
  <U121 />
  <E121 />
  <V88 />
  <F122 />
  <W65 />
  <G79 />
  <T33 />
  <D116 />
  <U127 />
  <E34 />
  <V66 />
  <F66 />
  <W32 />
  <G19 />
  <T134 />
  <D43 />
  <U35 />
  <E35 />
  <V40 />
  <F54 />
  <W44 />
  <G59 />
  <T15 />
  <D131 />
  <U20 />
  <E1 />
  <V119 />
  <F21 />
  <W120 />
  <G120 />
  <T103 />
  <D103 />
  <U42 />
  <E96 />
  <V56 />
  <F56 />
  <W18 />
  <G48 />
  <T27 />
  <D27 />
  <U126 />
  <E20 />
  <V41 />
  <F30 />
  <W99 />
  <G99 />
  <T105 />
  <D105 />
  <U98 />
  <E98 />
  <V10 />
  <F10 />
  <W25 />
  <G25 />
  <T57 />
  <D57 />
  <U83 />
  <E42 />
  <V63 />
  <F63 />
  <W111 />
  <G111 />
  <N who="0" m="42571" />
  <D17 />
  <U95 />
  <E95 />
  <V38 />
  <F41 />
  <W82 />
  <G82 />
  <N who="1" m="31274" />
  <E84 />
  <V7 />
  <F40 />
  <W124 />
  <G124 />
  <T69 />
  <D69 />
  <U67 />
  <AGARI ba="0,0" hai="3,5,8,50,51,61,67,70,125,126,127" m="31274" machi="67" ten="40,8000,1"
      yaku="18,1,52,3" doraHai="135" who="1" fromWho="1" sc="262,-20,329,80,271,-20,138,-40" />
  <INIT seed="4,0,0,5,0,43" ten="242,409,251,98" oya="0"
      hai0="112,90,89,19,63,30,12,13,125,97,49,80,31"
      hai1="129,110,111,113,39,107,85,104,132,119,18,98,54"
      hai2="69,93,124,59,3,0,130,55,94,121,41,65,86"
      hai3="126,79,34,38,56,75,100,16,6,87,108,25,70" />
  <T62 />
  <D112 />
  <U44 />
  <E119 />
  <V50 />
  <F121 />
  <W46 />
  <G70 />
  <T28 />
  <D125 />
  <U77 />
  <E113 />
  <V26 />
  <F124 />
  <W24 />
  <G108 />
  <T40 />
  <D80 />
  <U17 />
  <E129 />
  <V68 />
  <F130 />
  <W134 />
  <G126 />
  <T74 />
  <D74 />
  <U84 />
  <E132 />
  <V92 />
  <F86 />
  <W14 />
  <G134 />
  <T78 />
  <D78 />
  <U33 />
  <E33 />
  <V115 />
  <F115 />
  <W103 />
  <G75 />
  <T48 />
  <D97 />
  <U47 />
  <E39 />
  <V36 />
  <F26 />
  <W10 />
  <G56 />
  <T27 />
  <D27 />
  <U95 />
  <E98 />
  <V109 />
  <F109 />
  <W101 />
  <G34 />
  <T60 />
  <D40 />
  <U29 />
  <E54 />
  <V21 />
  <F21 />
  <W53 />
  <G6 />
  <T118 />
  <D19 />
  <U99 />
  <E99 />
  <V82 />
  <F82 />
  <N who="3" m="47583" />
  <G38 />
  <T8 />
  <D8 />
  <U57 />
  <E57 />
  <V37 />
  <F37 />
  <W83 />
  <G83 />
  <T7 />
  <D7 />
  <U122 />
  <E77 />
  <V52 />
  <F68 />
  <W4 />
  <G4 />
  <T64 />
  <D64 />
  <U135 />
  <E135 />
  <V96 />
  <F96 />
  <W9 />
  <G10 />
  <T114 />
  <D118 />
  <U35 />
  <E35 />
  <V61 />
  <F55 />
  <W32 />
  <G32 />
  <T120 />
  <D120 />
  <U105 />
  <E105 />
  <V123 />
  <F123 />
  <W81 />
  <G81 />
  <T66 />
  <D66 />
  <U15 />
  <E122 />
  <V106 />
  <F106 />
  <W91 />
  <G91 />
  <N who="0" m="34827" />
  <D114 />
  <U88 />
  <E88 />
  <V2 />
  <F2 />
  <W58 />
  <G58 />
  <T51 />
  <AGARI ba="0,0" hai="12,13,28,30,31,48,49,51,60,62,63" m="34827" machi="51" ten="40,12000,1"
      yaku="29,2,28,2,8,1" doraHai="43" who="0" fromWho="0" sc="242,120,409,-40,251,-40,98,-40" />
  <INIT seed="4,1,0,4,1,42" ten="362,369,211,58" oya="0"
      hai0="82,88,87,79,45,9,51,36,13,34,22,11,112"
      hai1="125,73,118,62,52,83,127,40,19,119,85,60,38"
      hai2="120,17,89,128,6,23,75,26,10,101,53,132,111"
      hai3="33,98,14,113,67,105,29,18,100,130,48,0,90" />
  <T49 />
  <D34 />
  <U91 />
  <E73 />
  <V134 />
  <F111 />
  <W114 />
  <G0 />
  <T110 />
  <D110 />
  <U44 />
  <E19 />
  <V56 />
  <F120 />
  <W43 />
  <G130 />
  <T129 />
  <D129 />
  <U57 />
  <REACH who="1" step="1" />
  <E62 />
  <REACH who="1" ten="362,359,211,58" step="2" />
  <V84 />
  <F128 />
  <W20 />
  <G114 />
  <T116 />
  <D112 />
  <U66 />
  <E66 />
  <V117 />
  <F75 />
  <W35 />
  <G113 />
  <T121 />
  <D121 />
  <U8 />
  <E8 />
  <V28 />
  <F17 />
  <W7 />
  <G67 />
  <T70 />
  <D116 />
  <AGARI ba="1,1" hai="38,40,44,52,57,60,83,85,91,116,118,119,125,127" machi="116" ten="40,5200,0"
      yaku="1,1,52,1,54,1,53,0" doraHai="42" doraHaiUra="64" who="1" fromWho="0"
      sc="362,-55,359,65,211,0,58,0" />
  <INIT seed="5,0,0,2,1,96" ten="307,424,211,58" oya="1"
      hai0="48,94,107,121,123,86,132,99,104,62,2,80,19"
      hai1="46,97,77,76,54,119,134,59,70,82,21,117,103"
      hai2="124,36,64,67,114,49,42,47,10,73,29,101,24"
      hai3="56,60,52,105,50,55,120,27,69,116,131,5,33" />
  <U37 />
  <E70 />
  <V17 />
  <F73 />
  <W20 />
  <G120 />
  <N who="0" m="46155" />
  <D2 />
  <U91 />
  <E134 />
  <V84 />
  <F124 />
  <W53 />
  <G131 />
  <T66 />
  <D48 />
  <U83 />
  <E91 />
  <V87 />
  <F114 />
  <W98 />
  <G116 />
  <T78 />
  <D19 />
  <U6 />
  <E6 />
  <V85 />
  <F36 />
  <W22 />
  <G5 />
  <T95 />
  <D62 />
  <U18 />
  <E46 />
  <V0 />
  <F0 />
  <W71 />
  <G33 />
  <T110 />
  <D66 />
  <U112 />
  <E37 />
  <V9 />
  <F101 />
  <W111 />
  <G111 />
  <T130 />
  <D110 />
  <U92 />
  <E112 />
  <V13 />
  <REACH who="2" step="1" />
  <F9 />
  <REACH who="2" ten="307,424,201,58" step="2" />
  <W51 />
  <G71 />
  <T8 />
  <D8 />
  <U26 />
  <E119 />
  <V102 />
  <F102 />
  <W4 />
  <G69 />
  <T89 />
  <D130 />
  <U72 />
  <E117 />
  <V65 />
  <F65 />
  <W57 />
  <G4 />
  <T109 />
  <D109 />
  <U61 />
  <E72 />
  <V88 />
  <F88 />
  <W14 />
  <G14 />
  <T16 />
  <D132 />
  <U79 />
  <AGARI ba="0,1" hai="18,21,26,54,59,61,76,77,79,82,83,92,97,103" machi="79" ten="30,6000,0"
      yaku="0,1,8,1,52,1" doraHai="96" who="1" fromWho="1" sc="307,-20,424,70,201,-20,58,-20" />
  <INIT seed="5,1,0,3,1,119" ten="287,494,181,38" oya="1"
      hai0="94,121,95,44,40,101,128,85,118,31,68,106,12"
      hai1="62,89,25,2,133,111,116,42,58,110,30,115,61"
      hai2="20,124,1,90,38,127,15,97,64,22,54,93,113"
      hai3="28,104,39,0,63,67,109,100,105,13,107,35,3" />
  <U32 />
  <E116 />
  <V73 />
  <F1 />
  <W26 />
  <G109 />
  <N who="1" m="41482" />
  <E2 />
  <V37 />
  <F73 />
  <W135 />
  <G135 />
  <T122 />
  <D68 />
  <U102 />
  <E133 />
  <V8 />
  <F64 />
  <W6 />
  <G13 />
  <T134 />
  <D118 />
  <U46 />
  <E115 />
  <V75 />
  <F75 />
  <W87 />
  <G87 />
  <T88 />
  <D134 />
  <U10 />
  <E102 />
  <V78 />
  <F78 />
  <W114 />
  <G114 />
  <T36 />
  <D128 />
  <U49 />
  <E10 />
  <V23 />
  <F54 />
  <W83 />
  <G83 />
  <T129 />
  <D129 />
  <U81 />
  <E58 />
  <V50 />
  <F50 />
  <W98 />
  <G39 />
  <T21 />
  <D106 />
  <U79 />
  <E89 />
  <V112 />
  <F112 />
  <W65 />
  <G65 />
  <T24 />
  <REACH who="0" step="1" />
  <D12 />
  <REACH who="0" ten="277,494,181,38" step="2" />
  <U96 />
  <E96 />
  <AGARI ba="1,1" hai="21,24,31,36,40,44,85,88,94,95,96,101,121,122" machi="96" ten="40,8000,1"
      yaku="1,1,2,1,52,2,54,1,53,0" doraHai="119" doraHaiUra="5" who="0" fromWho="1"
      sc="277,93,494,-83,181,0,38,0" />
  <INIT seed="6,0,0,5,5,57" ten="370,411,181,38" oya="2"
      hai0="110,65,108,86,132,56,11,74,75,102,22,85,2"
      hai1="95,71,47,38,76,32,23,135,66,117,7,39,80"
      hai2="29,106,20,119,130,25,107,124,69,105,89,54,48"
      hai3="120,93,73,72,77,6,42,41,8,121,50,1,91" />
  <V104 />
  <F119 />
  <W78 />
  <G121 />
  <T21 />
  <D11 />
  <U109 />
  <E23 />
  <V34 />
  <F130 />
  <W3 />
  <G120 />
  <T90 />
  <D2 />
  <U49 />
  <E95 />
  <V35 />
  <N who="2" m="26624" />
  <DORA hai="31" />
  <V82 />
  <F69 />
  <W62 />
  <G3 />
  <T68 />
  <D56 />
  <U79 />
  <E79 />
  <V111 />
  <F124 />
  <W131 />
  <G131 />
  <T30 />
  <D65 />
  <U15 />
  <E109 />
  <V113 />
  <F113 />
  <W123 />
  <G123 />
  <T24 />
  <D102 />
  <U26 />
  <E117 />
  <V70 />
  <F70 />
  <W40 />
  <G50 />
  <T33 />
  <D68 />
  <U4 />
  <E135 />
  <V5 />
  <F5 />
  <W118 />
  <G118 />
  <T83 />
  <D132 />
  <U9 />
  <E4 />
  <V81 />
  <F111 />
  <W19 />
  <G19 />
  <T101 />
  <D101 />
  <U92 />
  <E92 />
  <V46 />
  <REACH who="2" step="1" />
  <F89 />
  <REACH who="2" ten="370,411,171,38" step="2" />
  <W129 />
  <G129 />
  <T60 />
  <D110 />
  <U128 />
  <E128 />
  <V53 />
  <F53 />
  <W43 />
  <N who="3" m="10240" />
  <DORA hai="112" />
  <W17 />
  <G17 />
  <T134 />
  <D90 />
  <U114 />
  <E71 />
  <V115 />
  <F115 />
  <W133 />
  <G133 />
  <T61 />
  <D134 />
  <U67 />
  <E114 />
  <V14 />
  <F14 />
  <W84 />
  <REACH who="3" step="1" />
  <G62 />
  <REACH who="3" ten="370,411,171,28" step="2" />
  <T16 />
  <D61 />
  <U100 />
  <E67 />
  <V44 />
  <F44 />
  <W94 />
  <G94 />
  <T125 />
  <D60 />
  <U12 />
  <E66 />
  <V27 />
  <F27 />
  <W18 />
  <G18 />
  <T59 />
  <D16 />
  <U97 />
  <E26 />
  <V103 />
  <F103 />
  <W122 />
  <G122 />
  <T88 />
  <D24 />
  <U0 />
  <E100 />
  <V28 />
  <F28 />
  <W96 />
  <G96 />
  <T64 />
  <D30 />
  <U45 />
  <E97 />
  <V99 />
  <F99 />
  <W10 />
  <G10 />
  <T127 />
  <D108 />
  <U63 />
  <E9 />
  <RYUUKYOKU ba="0,2" sc="370,-15,411,-15,171,15,28,15" hai2="20,25,29,34,35,46,48,54,81,82"
      hai3="1,6,8,72,73,77,78,84,91,93" />
  <INIT seed="6,1,2,1,0,25" ten="355,396,186,43" oya="2"
      hai0="122,71,22,57,58,53,2,78,70,90,84,48,54"
      hai1="66,106,105,97,108,125,12,117,29,77,98,87,82"
      hai2="135,118,107,79,40,41,50,119,10,32,31,46,19"
      hai3="61,103,81,93,72,14,131,126,74,132,73,123,130" />
  <V121 />
  <F121 />
  <W28 />
  <G61 />
  <T27 />
  <D78 />
  <U26 />
  <E108 />
  <V127 />
  <F107 />
  <W21 />
  <G123 />
  <T116 />
  <D2 />
  <U69 />
  <E117 />
  <V91 />
  <F135 />
  <W52 />
  <G132 />
  <T38 />
  <D38 />
  <U47 />
  <E125 />
  <V60 />
  <F127 />
  <W75 />
  <G126 />
  <T99 />
  <D99 />
  <U13 />
  <E106 />
  <V113 />
  <F113 />
  <W94 />
  <G52 />
  <T43 />
  <D43 />
  <U101 />
  <E97 />
  <V64 />
  <F79 />
  <W39 />
  <G39 />
  <T92 />
  <D116 />
  <U112 />
  <E112 />
  <V76 />
  <F76 />
  <W51 />
  <G51 />
  <T124 />
  <D122 />
  <U120 />
  <E120 />
  <V80 />
  <F41 />
  <W134 />
  <G134 />
  <T115 />
  <D115 />
  <U88 />
  <E47 />
  <V83 />
  <F19 />
  <W4 />
  <G81 />
  <T30 />
  <D124 />
  <U104 />
  <E104 />
  <V34 />
  <F10 />
  <N who="3" m="4423" />
  <G103 />
  <T85 />
  <D85 />
  <U11 />
  <E11 />
  <V3 />
  <F83 />
  <W62 />
  <G62 />
  <AGARI ba="1,2" hai="22,27,30,48,53,54,57,58,62,70,71,84,90,92" machi="62" ten="30,2000,0"
      yaku="7,1,52,1" doraHai="25" who="0" fromWho="3" sc="355,43,396,0,186,0,43,-23" />
  <INIT seed="7,0,0,1,0,129" ten="398,396,186,20" oya="3"
      hai0="117,101,33,87,105,107,8,106,4,39,32,77,126"
      hai1="23,10,53,127,128,85,17,102,13,130,81,66,73"
      hai2="110,97,83,104,59,48,111,52,74,135,24,28,132"
      hai3="12,116,133,80,75,119,84,63,78,3,21,109,71" />
  <W9 />
  <G109 />
  <T90 />
  <D117 />
  <U108 />
  <E73 />
  <V95 />
  <F104 />
  <W98 />
  <G133 />
  <N who="2" m="51273" />
  <F83 />
  <W15 />
  <G3 />
  <T14 />
  <D39 />
  <U121 />
  <E108 />
  <V27 />
  <F74 />
  <W60 />
  <G98 />
  <T125 />
  <D77 />
  <U46 />
  <E66 />
  <V118 />
  <F118 />
  <W123 />
  <G123 />
  <T40 />
  <D40 />
  <U44 />
  <E102 />
  <N who="2" m="60735" />
  <F27 />
  <W47 />
  <G116 />
  <T30 />
  <D101 />
  <U96 />
  <E96 />
  <V19 />
  <F19 />
  <W49 />
  <G119 />
  <T62 />
  <D30 />
  <U35 />
  <E35 />
  <AGARI ba="0,0" hai="24,28,35,48,52,59,110,111" m="60735,51273" machi="35" ten="30,8000,1"
      yaku="20,1,52,3,54,1" doraHai="129" who="2" fromWho="1" sc="398,0,396,-80,186,80,20,0"
      owari="398,49.8,316,11.6,266,-13.4,20,-48.0" />
</mjloggm>
